
@inproceedings{winter2011hijacker,
	title={A Hijacker’s Guide to the LPC Bus},
	author={Winter, Johannes and Dietrich, Kurt},
	booktitle={European Public Key Infrastructure Workshop},
	pages={176--193},
	year={2011},
	organization={Springer}
}

@misc{tpmgenie,
  title={TPM Genie Attacking the Hardware Root of Trust For Less Than \$50},
  author={Jeremy Boone},
  booktitle={Cansecwest 2018},
  year={2018}
}

@article{robertson2018big,
	title={The big hack: how china used a tiny chip to infiltrate US companies},
	author={Robertson, Jordan and Riley, Michael},
	journal={Bloomberg Businessweek},
	volume={4},
	year={2018}
}


@article{langner2011stuxnet,
	title={Stuxnet: Dissecting a cyberwarfare weapon},
	author={Langner, Ralph},
	journal={IEEE Security Privacy},
	volume={9},
	number={3},
	pages={49--51},
	year={2011},
	publisher={IEEE}
}


@inproceedings{garcia2017hey,
	title={Hey, My Malware Knows Physics! Attacking PLCs with Physical Model Aware Rootkit.},
	author={Garcia, Luis and Brasser, Ferdinand and Cintuglu, Mehmet Hazar and Sadeghi, Ahmad-Reza and Mohammed, Osama A and Zonouz, Saman A},
	booktitle={NDSS},
	year={2017}
}


@article{basnight2013firmware,
	title={Firmware modification attacks on programmable logic controllers},
	author={Basnight, Zachry and Butts, Jonathan and Lopez Jr, Juan and Dube, Thomas},
	journal={International Journal of Critical Infrastructure Protection},
	volume={6},
	number={2},
	pages={76--84},
	year={2013},
	publisher={Elsevier}
}
	

@misc{blanco2012one,
	title={One firmware to monitor’em all},
	author={Blanco, Andr{\'e}s and Eissler, Matias},
	year={2012},
	publisher={Ekoparty}
}


@article{cui2013firmware,
	title={When firmware modifications attack: A case study of embedded exploitation},
	author={Cui, Ang and Costello, Michael and Stolfo, Salvatore},
	year={2013}
}


@inproceedings{wang2015confirm,
	title={Confirm: Detecting firmware modifications in embedded systems using hardware performance counters},
	author={Wang, Xueyang and Konstantinou, Charalambos and Maniatakos, Michail and Karri, Ramesh},
	booktitle={Proceedings of the IEEE/ACM international conference on computer-aided design},
	pages={544--551},
	year={2015},
	organization={IEEE Press}
}


@inproceedings{li2011viper,
	title={VIPER: verifying the integrity of PERipherals' firmware},
	author={Li, Yanlin and McCune, Jonathan M and Perrig, Adrian},
	booktitle={Proceedings of the 18th ACM conference on Computer and communications security},
	pages={3--16},
	year={2011},
	organization={ACM}
}

	

@misc{lm3s2793,
  title={{Stellaris LM3S2793 Microcontroller DATA SHEET}},
  author={TEXAS INSTRUMENTS},
  year={2014}
}


@misc{lm3s2793rom,
  title={{LM3S2793 ROM USER'S GUIDE}},
  author={TEXAX INSTRUMENTS},
  year={2011}
}


@misc{gnutoolchainarm,
  title={The GNU Embedded Toolchain for Arm},
  author={ARM},
  year={2019},
  url={https://developer.arm.com/tools-and-software/open-source-software/developer-tools/gnu-toolchain/gnu-rm/downloads}
}



@misc{pd9535,
  title={PD9535 Datasheet},
  author={TEXAX INSTRUMENTS},
  year={2007},
  url={http://www.ti.com/lit/ds/symlink/pca9535.pdf}
}



@article{semiconductors2000i2c,
	title={The I2C-bus specification},
	author={Semiconductors, Philips},
	journal={Philips Semiconductors},
	volume={9397},
	number={750},
	pages={00954},
	year={2000}
}



@article{hogl2006open,
	title={{Open On-Chip Debugger--OpenOCD--}},
	author={H{\"o}gl, Hubert and Rath, Dominic},
	journal={Fakultat fur Informatik, Tech. Rep},
	year={2006}
}


@misc{ashfieldserial,
	title={Serial Wire Debug and the CoreSightTM Debug and Trace Architecture Eddie Ashfield, Ian Field, Peter Harrod, Sean Houlihane, William Orme and Sheldon Woodhouse ARM Ltd 110 Fulbourn Road, Cambridge, CB1 9NJ, UK},
	author={Ashfield, Eddie},
	year={2006}
}


@online{FERCOPF,
  title = {Federal Energy Regulatory Commission (FERC): Optimal Power Flow and Formulation Papers},
  howpublished = {\url{http://www.ferc.gov/industries/electric/indus-act/market-planning/opf-papers.asp}},
  year = {2010}
}



@ARTICLE{Tinney1968, 
	author={Dommel, H.W. and Tinney, W.F.}, 
	journal={IEEE Transactions on Power Apparatus and Systems}, 
	title={Optimal Power Flow Solutions}, 
	year={1968}, 
}



@article{christie2000power,
	title={Power systems test case archive},
	author={Christie, Rich},
	journal={Electrical Engineering dept., University of Washington},
	year={2000}
}



@online{opc,
	title = {Open Platform Communication Foundation},
	author = {{OPC Foundation}},
	year = {2015},
}



@article{bose2015equivalent,
	title={Equivalent relaxations of optimal power flow},
	author={Bose, Subhonmesh and Low, Steven H and Teeraratkul, Thanchanok and Hassibi, Babak},
	journal={Automatic Control, IEEE Transactions on},
	year={2015},
}



@misc{solarwinds,
	title={{Microsoft, FireEye confirm SolarWinds supply chain attack}},
	author={Catalin Cimpanu},
	year={2020}
}



@book{lau1994chip,
	title={{Chip on Board: Technology for Multichip Modules}},
	author={Lau, John H},
	year={1994},
	publisher={Springer Science \& Business Media}
}



@misc{cottle2001programmable,
	title={Programmable interrupt controller with interrupt set/reset register and dynamically alterable interrupt mask for a single interrupt processor},
	author={Cottle, Temple D and Spits, Tiemen T},
	year={2001},
	publisher={Google Patents},
	note={US Patent 6,263,396}
}


@article{oxfordsolarwinds,
	title={SolarWinds hack will alter US cyber strategy},
	author={Oxford Analytica},
	journal={Emerald Expert Briefings},
	number={oxan-db},
	publisher={Oxford Analytica},
	year={2021}
}


@inproceedings{kim2016abnormal,
	title={{Abnormal traffic filtering mechanism for protecting ICS networks}},
	author={Kim, Byoung-Koo and Kang, Dong-Ho and Na, Jung-Chan and Chung, Tai-Myoung},
	booktitle={2016 18th International Conference on Advanced Communication Technology (ICACT)},
	pages={436--440},
	year={2016},
	organization={IEEE}
}


@inproceedings{babiuch2019using,
	title={{Using the ESP32 microcontroller for data processing}},
	author={Babiuch, Marek and Folt{\`y}nek, Petr and Smutn{\`y}, Pavel},
	booktitle={2019 20th International Carpathian Control Conference (ICCC)},
	pages={1--6},
	year={2019},
	organization={IEEE}
}


@article{artenstein2017broadpwn,
	title={{Broadpwn: Remotely compromising Android and iOS via a bug in Broadcom's Wi-Fi chipsets}},
	author={Artenstein, Nitay},
	journal={Black Hat USA},
	year={2017}
}


@misc{slaight2003using,
	title={{Using IPMI platform management in modular computer systems}},
	author={Slaight, Tom},
	booktitle={Intel Corporation, Intel Developer Forum},
	year={2003}
}


@inproceedings{kedziorek2007hpc,
	title={{HPC access using" KVM over IP"}},
	author={Kedziorek, Dan and Czerniak, G},
	booktitle={2007 DoD High Performance Computing Modernization Program Users Group Conference},
	pages={345--349},
	year={2007},
	organization={IEEE}
}


@article{flynn1997amba,
	title={{AMBA: enabling reusable on-chip designs}},
	author={Flynn, David},
	journal={IEEE micro},
	volume={17},
	number={4},
	pages={20--27},
	year={1997},
	publisher={IEEE}
}


@article{leens2009introduction,
	title={{An introduction to I2C and SPI protocols}},
	author={Leens, Fr{\'e}d{\'e}ric},
	journal={IEEE Instrumentation \& Measurement Magazine},
	volume={12},
	number={1},
	pages={8--13},
	year={2009},
	publisher={IEEE}
}


@inproceedings{bozdal2018survey,
	title={{A survey on CAN bus protocol: attacks, challenges, and potential solutions}},
	author={Bozdal, Mehmet and Samie, Mohammad and Jennions, Ian},
	booktitle={2018 International Conference on Computing, Electronics \& Communications Engineering (iCCECE)},
	pages={201--205},
	year={2018},
	organization={IEEE}
}


@article{cherepanov2016blackenergy,
	title={{Blackenergy--what we really know about the notorious cyber attacks}},
	author={Cherepanov, Anton and Lipovsky, Robert},
	journal={Virus Bulletin October},
	year={2016}
}


@article{haes2019survey,
	title={{A survey on power system blackout and cascading events: Research motivations and challenges}},
	author={Haes Alhelou, Hassan and Hamedani-Golshan, Mohamad Esmail and Njenda, Takawira Cuthbert and Siano, Pierluigi},
	journal={Energies},
	volume={12},
	number={4},
	pages={682},
	year={2019},
	publisher={Multidisciplinary Digital Publishing Institute}
}


@inproceedings{zeller2011myth,
	title={{Myth or reality—Does the aurora vulnerability pose a risk to my generator?}},
	author={Zeller, Mark},
	booktitle={2011 64th Annual Conference for Protective Relay Engineers},
	pages={130--136},
	year={2011},
	organization={IEEE}
}


@misc{substationattack,
	title={{Substation attack is new evidence of grid vulnerabilit}},
	author={Peter, Behr},
	year={2016}
}


@article{chen2020study,
	title={{Study on attack paths of cyber attack in cyber-physical power systems}},
	author={Chen, Lei and Yue, Dong and Dou, Chunxia and Chen, Jianbo and Cheng, Zihao},
	journal={IET Generation, Transmission \& Distribution},
	volume={14},
	number={12},
	pages={2352--2360},
	year={2020},
	publisher={IET}
}


@inproceedings{shalan2000dynamic,
	title={{A dynamic memory management unit for embedded real-time system-on-a-chip}},
	author={Shalan, Mohamed and Mooney, Vincent J},
	booktitle={Proceedings of the 2000 international conference on Compilers, architecture, and synthesis for embedded systems},
	pages={180--186},
	year={2000}
}


@inproceedings{kim2018securing,
	title={{Securing Real-Time Microcontroller Systems through Customized Memory View Switching}},
	author={Kim, Chung Hwan and Kim, Taegyu and Choi, Hongjun and Gu, Zhongshu and Lee, Byoungyoung and Zhang, Xiangyu and Xu, Dongyan},
	booktitle={NDSS},
	year={2018}
}


@inproceedings{neugass1991vxworks,
	title={{VxWorks: an interactive development environment and real-time kernel for Gmicro}},
	author={Neugass, Henry and Espin, G and Nunoe, Hidefume and Thomas, Ralph and Wilner, David},
	booktitle={Proceedings Eighth TRON Project Symposium},
	pages={196--207},
	year={1991},
	organization={IEEE}
}


@article{barry2008freertos,
	title={FreeRTOS},
	author={Barry, Richard and others},
	journal={Internet, Oct},
	year={2008}
}


@inproceedings{joshi2000mosfet,
	title={{MOSFET BGA package}},
	author={Joshi, R and Granada, H and Tangpuz, C},
	booktitle={2000 Proceedings. 50th Electronic Components and Technology Conference (Cat. No. 00CH37070)},
	pages={944--947},
	year={2000},
	organization={IEEE}
}


@article{kuon2008fpga,
	title={FPGA architecture: Survey and challenges},
	author={Kuon, Ian and Tessier, Russell and Rose, Jonathan},
	year={2008},
	publisher={Now Publishers Inc}
}


@article{moore2017implications,
	title={Implications of malicious 3D printer firmware},
	author={Moore, Samuel Bennett and Glisson, William Bradley and Yampolskiy, Mark},
	year={2017}
}


@inproceedings{schulz2017nexmon,
	title={Nexmon: Build your own wi-fi testbeds with low-level mac and phy-access using firmware patches on off-the-shelf mobile devices},
	author={Schulz, Matthias and Wegemer, Daniel and Hollick, Matthias},
	booktitle={Proceedings of the 11th Workshop on Wireless Network Testbeds, Experimental Evaluation \& CHaracterization},
	pages={59--66},
	year={2017}
}


@inproceedings{konstantinou2015impact,
	title={Impact of firmware modification attacks on power systems field devices},
	author={Konstantinou, Charalambos and Maniatakos, Michail},
	booktitle={2015 IEEE International Conference on Smart Grid Communications (SmartGridComm)},
	pages={283--288},
	year={2015},
	organization={IEEE}
}


@article{newman2011scada,
	title={SCADA \& PLC vulnerabilities in correctional facilities},
	author={Newman, Teague and Rad, Tiffany and ELCnetworks, LLC and Strauchs, John and Strauchs, LLC},
	journal={white paper},
	pages={1--14},
	year={2011}
}


@inproceedings{lee2016binding,
	title={{Binding hardware and software to prevent firmware modification and device counterfeiting}},
	author={Lee, Robert P and Markantonakis, Konstantinos and Akram, Raja Naeem},
	booktitle={Proceedings of the 2nd ACM international workshop on cyber-physical system security},
	pages={70--81},
	year={2016}
}


@inproceedings{seshadri2004swatt,
	title={{SWATT: Software-based attestation for embedded devices}},
	author={Seshadri, Arvind and Perrig, Adrian and Van Doorn, Leendert and Khosla, Pradeep},
	booktitle={IEEE Symposium on Security and Privacy, 2004. Proceedings. 2004},
	pages={272--282},
	year={2004},
	organization={IEEE}
}


@inproceedings{li2010sbap,
	title={{SBAP: Software-based attestation for peripherals}},
	author={Li, Yanlin and McCune, Jonathan M and Perrig, Adrian},
	booktitle={International Conference on Trust and Trustworthy Computing},
	pages={16--29},
	year={2010},
	organization={Springer}
}


@article{cyr2019low,
	title={{Low-cost and secure firmware obfuscation method for protecting electronic systems from cloning}},
	author={Cyr, Benjamin and Mahmod, Jubayer and Guin, Ujjwal},
	journal={IEEE Internet of Things Journal},
	volume={6},
	number={2},
	pages={3700--3711},
	year={2019},
	publisher={IEEE}
}


@article{schrittwieser2016protecting,
	title={{Protecting software through obfuscation: Can it keep pace with progress in code analysis?}},
	author={Schrittwieser, Sebastian and Katzenbeisser, Stefan and Kinder, Johannes and Merzdovnik, Georg and Weippl, Edgar},
	journal={ACM Computing Surveys (CSUR)},
	volume={49},
	number={1},
	pages={1--37},
	year={2016},
	publisher={ACM New York, NY, USA}
}


@inproceedings{cheng2019dynopvm,
	title={{DynOpVm: VM-based software obfuscation with dynamic opcode mapping}},
	author={Cheng, Xiaoyang and Lin, Yan and Gao, Debin and Jia, Chunfu},
	booktitle={International Conference on Applied Cryptography and Network Security},
	pages={155--174},
	year={2019},
	organization={Springer}
}


@inproceedings{lee2017blockchain,
	title={{Blockchain-based secure firmware update for embedded devices in an Internet of Things environment}},
	author={Lee, Boohyung and Lee, Jong-Hyouk},
	journal={The Journal of Supercomputing},
	volume={73},
	number={3},
	pages={1152--1167},
	year={2017},
	publisher={Springer}
}


@inproceedings{moran2019firmware,
	title={{A firmware update architecture for Internet of Things devices}},
	author={Moran, Brendan and Meriac, Milosch and Tschofenig, Hannes and Brown, David},
	journal={Internet Engineering Task Force, Internet-Draft},
	year={2019}
}


@inproceedings{choi2016secure,
	title={Secure firmware validation and update for consumer devices in home networking},
	author={Choi, Byung-Chul and Lee, Seoung-Hyeon and Na, Jung-Chan and Lee, Jong-Hyouk},
	journal={IEEE Transactions on Consumer Electronics},
	volume={62},
	number={1},
	pages={39--44},
	year={2016},
	publisher={IEEE}
}


@inproceedings{mcminn2012firmware,
	title={{A firmware verification tool for programmable logic controllers}},
	author={McMinn, Lucille and Butts, Jonathan},
	booktitle={International Conference on Critical Infrastructure Protection},
	pages={59--69},
	year={2012},
	organization={Springer}
}


@inproceedings{case2016analysis,
	title={Analysis of the cyber attack on the Ukrainian power grid},
	author={Case, Defense Use},
	journal={Electricity Information Sharing and Analysis Center (E-ISAC)},
	volume={388},
	year={2016}
}


@inproceedings{soltan2016power,
	title={{Power grid state estimation following a joint cyber and physical attack}},
	author={Soltan, Saleh and Yannakakis, Mihalis and Zussman, Gil},
	journal={IEEE Transactions on Control of Network Systems},
	volume={5},
	number={1},
	pages={499--512},
	year={2016},
	publisher={IEEE}
}


@inproceedings{zhang2013time,
	title={{Time synchronization attack in smart grid: Impact and analysis}},
	author={Zhang, Zhenghao and Gong, Shuping and Dimitrovski, Aleksandar D and Li, Husheng},
	journal={IEEE Transactions on Smart Grid},
	volume={4},
	number={1},
	pages={87--98},
	year={2013},
	publisher={IEEE}
}



@inproceedings{williams2016power,
	title={{Why a power grid attack is a nightmare scenario}},
	author={Williams, K and Bennett, Cory},
	journal={The Hill},
	volume={30},
	year={2016}
}

@inproceedings{huang2018algorithmic,
  title={Algorithmic attack synthesis using hybrid dynamics of power grid critical infrastructures},
  author={Huang, Zhenqi and Etigowni, Sriharsha and Garcia, Luis and Mitra, Sayan and Zonouz, Saman},
  booktitle={2018 48th Annual IEEE/IFIP International Conference on Dependable Systems and Networks (DSN)},
  pages={151--162},
  year={2018},
  organization={IEEE}
}

@article{pravalika2019internet,
	title={{Internet of things based home monitoring and device control using ESP32}},
	author={Pravalika, V and Prasad, Rajendra},
	journal={International Journal of Recent Technology and Engineering},
	volume={8},
	number={1S4},
	pages={58--62},
	year={2019}
}



@article{rosenfeld2010attacks,
	title={{Attacks and Defenses for JTAG}},
	author={Rosenfeld, Kurt and Karri, Ramesh},
	journal={IEEE Design \& Test of Computers},
	volume={27},
	number={1},
	pages={36--47},
	year={2010},
	publisher={IEEE}
}



@inproceedings{buskey2006protected,
	title={{Protected JTAG}},
	author={Buskey, Ronald F and Frosik, Barbara B},
	booktitle={2006 International Conference on Parallel Processing Workshops (ICPPW'06)},
	pages={8--pp},
	year={2006},
	organization={IEEE}
}


@inproceedings{di2018triton,
  title={TRITON: The first ICS cyber attack on safety instrument systems},
  author={Di Pinto, Alessandro and Dragoni, Younes and Carcano, Andrea},
  booktitle={Proc. Black Hat USA},
  volume={2018},
  pages={1--26},
  year={2018}
}

@inproceedings{etigowni2016cpac,
  title={CPAC: securing critical infrastructure with cyber-physical access control},
  author={Etigowni, Sriharsha and Tian, Dave and Hernandez, Grant and Zonouz, Saman and Butler, Kevin},
  booktitle={Proceedings of the 32nd annual conference on computer security applications},
  pages={139--152},
  year={2016}
}

@misc{Loopholes2020,
    author    = {Michael Mabee},
    title     = {Loopholes in Grid Physical Security Identified},
    url       = {https://securethegrid.com/2020/02/24/loopholes-in-grid-physical-security-identified/}
}

@article{o2015special,
  title={Special Delivery: Allow Two to Three Weeks for Shipping and NSA Bugging},
  author={O'Donohue. Sarah},
  journal={BU Pub. Int. LJ},
  volume={24},
  pages={81},
  year={2015},
  publisher={HeinOnline}
}


@article{harrison2021malicious,
  title={On malicious implants in PCBs throughout the supply chain},
  author={Harrison, Jacob and Asadizanjani, Navid and Tehranipoor, Mark},
  journal={Integration},
  year={2021},
  publisher={Elsevier}
}